<?xml version="1.0" encoding="UTF-8"?><collection xmlns="http://www.loc.gov/MARC21/slim"><record><leader>00572nam--2200181-i-4500</leader><controlfield tag="001">000013689</controlfield><controlfield tag="002">20161230</controlfield><controlfield tag="005">20161230201030</controlfield><controlfield tag="008">060222s1000------------r-----000-0-eng-d</controlfield><datafield ind1=" " ind2=" " tag="040"><subfield code="a">IFIN-HH</subfield></datafield><datafield ind1=" " ind2=" " tag="080"><subfield code="a">53.01</subfield></datafield><datafield ind1="1" ind2=" " tag="100"><subfield code="a">Mittelstaedt, Peter</subfield></datafield><datafield ind1="1" ind2="0" tag="245"><subfield code="a">Philosophical problems of modern physics. boston studies in the philosophy of science, vol. 18</subfield><subfield code="c">Peter mittelstaedt</subfield></datafield><datafield ind1=" " ind2=" " tag="260"><subfield code="a">Dordrecht</subfield><subfield code="b">D.Reidel Publishing Co</subfield><subfield code="c">1976</subfield></datafield><datafield ind1=" " ind2=" " tag="300"><subfield code="a">VIII+211P</subfield></datafield><datafield ind1=" " ind2=" " tag="490"><subfield code="a">Boston Studies In The Philosophy Of Science, 18</subfield></datafield><datafield ind1=" " ind2=" " tag="852"><subfield code="a">49216</subfield><subfield code="c">53</subfield></datafield><datafield ind1=" " ind2=" " tag="CAT"><subfield code="a">Sys</subfield><subfield code="c">20150331</subfield><subfield code="h">131240</subfield></datafield></record></collection>